@misc{lewis,
author = "F. D. Lewis",
title = "Recursive Descent Parsing",
year = "2002",
howpublished = "\url{http://www.cs.engr.uky.edu/~lewis/essays/compilers/rec-des.html}"
}
