@misc{lewis,
author = "F. D. Lewis",
title = "Recursive Descent Parsing",
year = "2002",
howpublished = "\url{http://www.cs.engr.uky.edu/~lewis/essays/compilers/rec-des.html}"
}

@book{compiler,
author = "William M. Waite and Lynn R. Carter",
title     = "An Introduction to Compiler Construction",
year      = "1993",
publisher = "HarperCollins College Publishers",
address   = "New York, NY"
}

@book{alg_design,
author = "Jon Kleinberg and \'{E}va Tardos",
title     = "Algorithm Design",
year      = "2006",
publisher = "Pearson Education, Inc.",
address   = "Boston, MA"
}

@book{anatomy,
author = "Alice E. Fischer and Frances S. Grodzinsky",
title     = "The Anatomy of Programming Languages",
year      = "1993",
publisher = "Prentice-Hall, Inc.",
address   = "Englewood Cliffs, NJ"
}

@book{formal_langs,
author = "Peter Linz",
title     = "An Introduction to Formal Languages and Automata",
year      = "2001",
publisher = "Jones and Bartlett Publishers, Inc.",
address   = "Sudbury, MA"
}

@book{reghizzi,
author = "Stefano Crespi Reghizzi",
title = "Formal Languages and Compilation",
year = "2009",
publisher = "Springer-Verlag London Limited",
address = "Italy"
}

@article{chomsky,
    author  = "Noam Chomsky",
    title   = "Three Models for the Description of Language",
    year    = "1956",
    journal = "IRE Transactions on Information Theory",
    volume  = "2",
    number  = "3",
    pages   = "113-124"
}

@book{aho,
author = "Alphred V. Aho and Ravi Sethi and Jeffrey D. Ullman",
title = "Compilers: Principles, Techniques, and Tools",
year = "1986",
publisher = "Addison-Wesley, Pearson Education, Inc."
}

@article{usability,
    author  = "E. Kaufmann and A. Bernstein",
    title   = "Evaluating the usability of natural language query languages and interfaces to Semantic Web knowledge bases",
    year    = "2010",
    journal = "Web Semantics: Science, Services and Agents on the World Wide Web",
    volume  = "8",
    number  = "4",
    pages   = "377-393"
}

@article{issues,
    author = "N. Sharef and S. Noah and M. Murad",
    title = "Issues and Challenges in Semantic Question Answering through Natural Language Interface",
    year = "2013",
    journal = "Journal of Next Generation Information Technology (JNIT)",
    volume = "4",
    number = "7",
    pages = "50-60"
}

@article{mapping,
    author = "M. Gao and  J. Liu and N. Zhong and F. Chen and C. Liu",
    title = "Semantic Mapping From Natural Language Questions To Owl Queries",
    year = "2011",
    journal = "Computational Intelligence",
    volume = "27",
    number = "2",
    pages = "280-314"
}

@article{freya,
    author = "A. Damljanovic and M. Agatonovic and H. Cunningham",
    title = "FREyA: An Interactive Way of Querying Linked Data Using Natural Language",
    journal = "FREyA: An Interactive Way of Querying Linked Data Using Natural Language",
    volume = "7117",
    pages = "125-138",
    year = "2011"
}

@article{galitsky,
    author = "B. Galitsky",
    title = "Natural Language Question Answering System",
    journal = "Adelaide, Australia: Advanced Knowledge International",
    year = "2013"
}
