@misc{comparison,
author = "William W. Cohen and Pradeep Ravikumar and Stephen E. Fienberg",
title = "A Comparison of String Distance Metrics for Name-Matching Tasks",
year = "2003",
publisher = "American Association for Artificial Intelligence",
howpublished = "\url{https://www.cs.cmu.edu/~pradeepr/papers/ijcai03.pdf}"
}

@misc{mining,
author = "Jeff M. Phillips",
title = "Data Mining - Jaccard Similarity and Shingling",
year = "2013",
publisher = "University of Utah",
howpublished = "\url{http://www.cs.utah.edu/~jeffp/teaching/cs5955/L4-Jaccard+Shingle.pdf}"
}

@misc{general,
author = "Flavio Chierichetti and Ravi Kumar and Sandeep Pandey and Sergei Vassilvitskii",
title = "Finding the Jacard Median",
howpublished = "\url{http://theory.stanford.edu/~sergei/papers/soda10-jaccard.pdf}"
}

@misc{mtree,
author = "P. Ciaccia and M. Patella and F. Rabitti and P. Zezula",
title = "Indexing Metric Spaces with M-tree",
howpublished = "\url{http://www-db.deis.unibo.it/research/papers/SEBD97.pdf}"
}

@misc{levenshtein,
author = "Gonzalo Navarro",
title = "A Guided Tour to Approximate String Matching",
howpublished = "\url{http://www.captura.uchile.cl/bitstream/handle/2250/132588/Navarro_Gonzalo_Guided_tour.pdf}"
}

@misc{shannon,
author = "C. E. Shannon",
title = "A Mathematical Theory of Communication",
year = "1948",
publisher = "The Bell System Technical Journal",
howpublished = "\url{http://cm.bell-labs.com/cm/ms/what/shannonday/shannon1948.pdf}"
}
