@misc{lewis,
author = "F. D. Lewis",
title = "Recursive Descent Parsing",
year = "2002",
howpublished = "\url{http://www.cs.engr.uky.edu/~lewis/essays/compilers/rec-des.html}"
}

@book{compiler,
author = "William M. Waite and Lynn R. Carter",
title     = "An Introduction to Compiler Construction",
year      = "1993",
publisher = "HarperCollins College Publishers",
address   = "New York, NY"
}

@book{alg_design,
author = "Jon Kleinberg and \'{E}va Tardos",
title     = "Algorithm Design",
year      = "2006",
publisher = "Pearson Education, Inc.",
address   = "Boston, MA"
}

@book{anatomy,
author = "Alice E. Fischer and Frances S. Grodzinsky",
title     = "The Anatomy of Programming Languages",
year      = "1993",
publisher = "Prentice-Hall, Inc.",
address   = "Englewood Cliffs, NJ"
}

@book{formal_langs,
author = "Peter Linz",
title     = "An Introduction to Formal Languages and Automata",
year      = "2001",
publisher = "Jones and Bartlett Publishers, Inc.",
address   = "Sudbury, MA"
}

@book{reghizzi,
author = "Stefano Crespi Reghizzi",
title = "Formal Languages and Compilation",
year = "2009",
publisher = "Springer-Verlag London Limited",
address = "Italy"
}

@article{chomsky,
    author  = "Noam Chomsky",
    title   = "Three Models for the Description of Language",
    year    = "1956",
    journal = "IRE Transactions on Information Theory",
    volume  = "2",
    number  = "3",
    pages   = "113-124"
}

@book{aho,
author = "Alphred V. Aho and Ravi Sethi and Jeffrey D. Ullman",
title = "Compilers: Principles, Techniques, and Tools",
year = "1986",
publisher = "Addison-Wesley, Pearson Education, Inc."
}

@article{ontgram,
    author  = "Smaranda Muresan",
    title   = "Ontology-Based Semantic Interpretation as Grammar Rule Constraints",
    year    = "2010",
    journal = "Computational Linguistics and Intelligent Text Processing",
    volume  = "6008",
    pages   = "137-149"
}

@misc{esl,
author = "Unknown",
title = "Questions - Grammar Exercises",
year = "2014",
howpublished = "\url{http://www.englisch-hilfen.de/en/exercises_list/fragen.htm}"
}

@misc{hpmor,
author = "Eliezer S. Yudkowsky",
title = "HPMOR",
howpublished = "\url{http://hpmor.com/}",
year = "2014"
}
